% Encoding: UTF-8

@PhdThesis{tur38,
  author  = {Alan Mathison Turing},
  title   = {{Systems of Logic Based on Ordinals: a Dissertation}},
  school  = {Cambridge University},
  year    = {1938},
  type    = {{Ph.D.} dissertation},
  address = {Cambridge, UK},
}

@WWW{oracle:java-hist,
  author = {{Oracle Corp.}},
  title  = {The History of Java Technology},
  url    = {http://www.oracle.com/technetwork/java/javase/overview/javahistory-index-198355.html},
}

@WWW{jw:java-internet,
  author = {Edward Yourdon},
  editor = {{JavaWorld}},
  title  = {Java and the new Internet programming paradigm},
  year   = {1996},
  date   = {1996-08-01},
  url    = {https://www.javaworld.com/article/2077231/java-and-the-new-internet-programming-paradigm.html},
}

@WWW{dzone:java-hist,
  author = {Jamie Mercer},
  editor = {DZone},
  title  = {A Short History of Java},
  year   = {2017},
  date   = {2017-05-23},
  url    = {https://dzone.com/articles/a-short-history-of-java},
}

@WWW{javerev:java-usage,
  author = {Javin Paul},
  editor = {Javarevisited},
  title  = {Where is Java used in Real World?},
  year   = {2017},
  date   = {2017-12-03},
  url    = {https://javarevisited.blogspot.de/2014/12/where-does-java-used-in-real-world.html},
}

@WWW{ae:java-bw,
  author = {Dustin Marx},
  editor = {Inspired by Actual Events},
  title  = {Observations From A History of Java Backwards Incompatibility},
  year   = {2016},
  date   = {2016-06-06},
  url    = {https://marxsoftware.blogspot.de/2016/06/java-backwards-incompatibility.html},
}

@WWW{oracle:go-java,
  author = {{Oracle Corp.}},
  title  = {Go Java},
  url    = {https://go.java/index.html},
}

@WWW{jaxenter:java-rel,
  author = {Gabriela Motroc},
  editor = {JAXenter},
  title  = {Java will not be ignored! Why the worldâ€™s biggest companies rely on it},
  year   = {2016},
  date   = {2016-05-12},
  url    = {https://jaxenter.com/java-will-not-be-ignored-why-the-worlds-biggest-companies-rely-on-it-126225.html},
}

@WWW{oracle:j9-spec,
  author = {Iris Clark and Mark Reinhold},
  editor = {Oracle},
  title  = {Java SE 9 (JSR 379)},
  year   = {2017},
  url    = {http://cr.openjdk.java.net/~iris/se/9/java-se-9-pr-spec/},
}

@Comment{jabref-meta: databaseType:biblatex;}
